@coding{a2024,
  author = {coding unnc},
  year = {2024},
  organization = {unnc111}
}
